<?xml version="1.0" encoding="UTF-8"?><collection xmlns="http://www.loc.gov/MARC21/slim"><record><leader>00638nam--2200181-i-4500</leader><controlfield tag="001">000011348</controlfield><controlfield tag="002">20161230</controlfield><controlfield tag="005">20161230201029</controlfield><controlfield tag="008">060222s1000------------r-----000-0-fre-d</controlfield><datafield ind1=" " ind2=" " tag="040"><subfield code="a">IFIN-HH</subfield></datafield><datafield ind1=" " ind2=" " tag="041"><subfield code="a">fre</subfield></datafield><datafield ind1=" " ind2=" " tag="080"><subfield code="a">539.172.12.013(043)</subfield></datafield><datafield ind1="1" ind2=" " tag="100"><subfield code="a">Bordenave Montesquieu, Alain</subfield></datafield><datafield ind1="1" ind2="0" tag="245"><subfield code="a">Etude des resonances 2s2 1s, 2p2 1d et 2s 2p 1p0 dans les spectres d'energie des electrons ejectes de l'atome d'helium par des protons (30kev-150kev)</subfield><subfield code="b">These</subfield><subfield code="c">Alain bordenave montesquieu</subfield></datafield><datafield ind1=" " ind2=" " tag="260"><subfield code="a">Toulouse</subfield><subfield code="b">Universite Paul Sabatier</subfield><subfield code="c">1973</subfield></datafield><datafield ind1=" " ind2=" " tag="300"><subfield code="a">261 P. + 23 P. ANEXE</subfield></datafield><datafield ind1=" " ind2=" " tag="852"><subfield code="a">42114</subfield><subfield code="c">539.17</subfield></datafield><datafield ind1=" " ind2=" " tag="CAT"><subfield code="a">Sys</subfield><subfield code="c">20120613</subfield><subfield code="h">104213</subfield></datafield></record></collection>